<?xml version="1.0" encoding="UTF-8"?>
  <record xmlns="http://www.loc.gov/MARC21/slim" type="Authority">
    <leader>00000nz  a2200000nc 4500</leader>
    <controlfield tag="001">953264238</controlfield>
    <controlfield tag="003">DE-101</controlfield>
    <controlfield tag="005">20220603155524.0</controlfield>
    <controlfield tag="008">980319n||azznnaabn           | ana    |c</controlfield>
    <datafield tag="024" ind1="7" ind2=" ">
      <subfield code="a">4494802-5</subfield>
      <subfield code="0">http://d-nb.info/gnd/4494802-5</subfield>
      <subfield code="2">gnd</subfield>
    </datafield>
    <datafield tag="024" ind1="7" ind2=" ">
      <subfield code="a">3102456</subfield>
      <subfield code="2">geonames</subfield>
    </datafield>
    <datafield tag="034" ind1=" " ind2=" ">
      <subfield code="d">E 016 42 29</subfield>
      <subfield code="e">E 016 42 29</subfield>
      <subfield code="f">N 051 16 22</subfield>
      <subfield code="g">N 051 16 22</subfield>
      <subfield code="2">geonames</subfield>
      <subfield code="0">https://sws.geonames.org/3102456</subfield>
      <subfield code="9">A:agx</subfield>
    </datafield>
    <datafield tag="034" ind1=" " ind2=" ">
      <subfield code="d">E016.708149</subfield>
      <subfield code="e">E016.708149</subfield>
      <subfield code="f">N051.272990</subfield>
      <subfield code="g">N051.272990</subfield>
      <subfield code="2">geonames</subfield>
      <subfield code="0">https://sws.geonames.org/3102456</subfield>
      <subfield code="9">A:dgx</subfield>
    </datafield>
    <datafield tag="035" ind1=" " ind2=" ">
      <subfield code="a">(DE-101)953264238</subfield>
    </datafield>
    <datafield tag="035" ind1=" " ind2=" ">
      <subfield code="a">(DE-588)4494802-5</subfield>
    </datafield>
    <datafield tag="035" ind1=" " ind2=" ">
      <subfield code="z">(DE-588c)4494802-5</subfield>
      <subfield code="9">v:zg</subfield>
    </datafield>
    <datafield tag="040" ind1=" " ind2=" ">
      <subfield code="a">DE-12</subfield>
      <subfield code="c">DE-12</subfield>
      <subfield code="9">r:DE-12</subfield>
      <subfield code="b">ger</subfield>
      <subfield code="d">9999</subfield>
    </datafield>
    <datafield tag="042" ind1=" " ind2=" ">
      <subfield code="a">gnd1</subfield>
    </datafield>
    <datafield tag="043" ind1=" " ind2=" ">
      <subfield code="c">XA-PL</subfield>
    </datafield>
    <datafield tag="075" ind1=" " ind2=" ">
      <subfield code="b">g</subfield>
      <subfield code="2">gndgen</subfield>
    </datafield>
    <datafield tag="075" ind1=" " ind2=" ">
      <subfield code="b">gik</subfield>
      <subfield code="2">gndspec</subfield>
    </datafield>
    <datafield tag="079" ind1=" " ind2=" ">
      <subfield code="a">g</subfield>
      <subfield code="q">s</subfield>
      <subfield code="u">w</subfield>
    </datafield>
    <datafield tag="151" ind1=" " ind2=" ">
      <subfield code="a">Dyhernfurt</subfield>
    </datafield>
    <datafield tag="451" ind1=" " ind2=" ">
      <subfield code="a">Brzeg Dolny</subfield>
    </datafield>
    <datafield tag="451" ind1=" " ind2=" ">
      <subfield code="a">Dyhernfurth</subfield>
    </datafield>
    <datafield tag="551" ind1=" " ind2=" ">
      <subfield code="0">(DE-101)949162876</subfield>
      <subfield code="0">(DE-588)4432175-2</subfield>
      <subfield code="0">https://d-nb.info/gnd/4432175-2</subfield>
      <subfield code="a">Woiwodschaft Breslau</subfield>
      <subfield code="4">adue</subfield>
      <subfield code="4">https://d-nb.info/standards/elementset/gnd#hierarchicalSuperiorOfPlaceOrGeographicName</subfield>
      <subfield code="w">r</subfield>
      <subfield code="i">Ueberordnung</subfield>
      <subfield code="9">Z:1975-1998</subfield>
    </datafield>
    <datafield tag="551" ind1=" " ind2=" ">
      <subfield code="0">(DE-101)959370129</subfield>
      <subfield code="0">(DE-588)4596748-9</subfield>
      <subfield code="0">https://d-nb.info/gnd/4596748-9</subfield>
      <subfield code="a">Woiwodschaft Niederschlesien</subfield>
      <subfield code="4">adue</subfield>
      <subfield code="4">https://d-nb.info/standards/elementset/gnd#hierarchicalSuperiorOfPlaceOrGeographicName</subfield>
      <subfield code="w">r</subfield>
      <subfield code="i">Ueberordnung</subfield>
      <subfield code="9">Z:1999-</subfield>
    </datafield>
    <datafield tag="667" ind1=" " ind2=" ">
      <subfield code="a">Maschinelle Ergänzung der GKD-Nummer</subfield>
    </datafield>
    <datafield tag="670" ind1=" " ind2=" ">
      <subfield code="a">M, Kaemmerer, Nazwy geogr. RP</subfield>
    </datafield>
    <datafield tag="678" ind1=" " ind2=" ">
      <subfield code="b">Ort in d. Woiwodsch. Breslau</subfield>
    </datafield>
    <datafield tag="913" ind1=" " ind2=" ">
      <subfield code="S">swd</subfield>
      <subfield code="i">g</subfield>
      <subfield code="a">Dyhernfurt</subfield>
      <subfield code="0">(DE-588c)4494802-5</subfield>
    </datafield>
  </record>
